
@article{sparks2019,
	title = {Influences of spawning timing, water temperature, and climatic warming on early life history phenology in western Alaska sockeye salmon},
	author = {Sparks, Morgan M. and Falke, Jeffrey A. and Quinn, Thomas P. and Adkison, Milo D. and Schindler, Daniel E. and Bartz, Krista and Young, Dan and Westley, Peter A.H.},
	year = {2019},
	month = {01},
	date = {2019-01},
	journal = {Canadian Journal of Fisheries and Aquatic Sciences},
	pages = {123--135},
	volume = {76},
	number = {1},
	doi = {10.1139/cjfas-2017-0468},
	url = {https://cdnsciencepub.com/doi/full/10.1139/cjfas-2017-0468},
	note = {Publisher: NRC Research Press}
}

@article{beacham1990,
	title = {Temperature, Egg Size, and Development of Embryos and Alevins of Five Species of Pacific Salmon: A Comparative Analysis},
	author = {Beacham, Terry D. and Murray, Clyde B.},
	year = {1990},
	month = {11},
	date = {1990-11-01},
	journal = {Transactions of the American Fisheries Society},
	pages = {927--945},
	volume = {119},
	number = {6},
	doi = {10.1577/1548-8659(1990)119<0927:TESADO>2.3.CO;2},
	url = {https://doi.org/10.1577/1548-8659(1990)119<0927:TESADO>2.3.CO;2},
	note = {Publisher: Taylor & Francis
{\_}eprint: https://doi.org/10.1577/1548-8659(1990)119<0927:TESADO>2.3.CO;2}
}

@article{adelfio2019,
	title = {Warm winters reduce landscape-scale variability in the duration of egg incubation for coho salmon (Oncorhynchus kisutch) on the Copper River Delta, Alaska},
	author = {Adelfio, Luca A. and Wondzell, Steven M. and Mantua, Nathan J. and Reeves, Gordon H.},
	year = {2019},
	month = {08},
	date = {2019-08},
	journal = {Canadian Journal of Fisheries and Aquatic Sciences},
	pages = {1362--1375},
	volume = {76},
	number = {8},
	doi = {10.1139/cjfas-2018-0152},
	url = {https://cdnsciencepub.com/doi/full/10.1139/cjfas-2018-0152},
	note = {Publisher: NRC Research Press}
}

@article{adelfio2024,
	title = {Expanded, compressed, or equal? Interactions between spawning window and stream thermal regime generate three responses in modeled juvenile emergence for Pacific salmon},
	author = {Adelfio, Luca A. and Wondzell, Steven M. and Mantua, Nathan J. and Reeves, Gordon H.},
	year = {2024},
	month = {02},
	date = {2024-02-02},
	journal = {Canadian Journal of Fisheries and Aquatic Sciences},
	doi = {10.1139/cjfas-2023-0238},
	url = {https://cdnsciencepub.com/doi/abs/10.1139/cjfas-2023-0238}
}

@techreport{mcphail1979,
	title = {The early life-history and ecology of Dolly Varden (Salvelimus Malma) in the Upper Arrow lakes},
	author = {McPhail, JD and Murray, CB},
	year = {1979},
	date = {1979},
	address = {Nelson, BC, Canada}
}

@article{austin2019,
	title = {Spawning and emergence phenology of bull trout Salvelinus confluentus under differing thermal regimes},
	author = {Austin, Catherine S. and Essington, Timothy E. and Quinn, Thomas P.},
	year = {2019},
	date = {2019},
	journal = {Journal of Fish Biology},
	pages = {191--195},
	volume = {94},
	number = {1},
	doi = {10.1111/jfb.13864},
	url = {https://onlinelibrary.wiley.com/doi/abs/10.1111/jfb.13864},
	note = {{\_}eprint: https://onlinelibrary.wiley.com/doi/pdf/10.1111/jfb.13864},
	langid = {en}
}

@article{sparks2017,
	title = {Thermal adaptation and phenotypic plasticity in a warming world: Insights from common garden experiments on Alaskan sockeye salmon},
	author = {Sparks, Morgan M. and Westley, Peter A. H. and Falke, Jeffrey A. and Quinn, Thomas P.},
	year = {2017},
	date = {2017},
	journal = {Global Change Biology},
	pages = {5203--5217},
	volume = {23},
	number = {12},
	doi = {10.1111/gcb.13782},
	url = {https://onlinelibrary.wiley.com/doi/abs/10.1111/gcb.13782},
	note = {{\_}eprint: https://onlinelibrary.wiley.com/doi/pdf/10.1111/gcb.13782},
	langid = {en}
}

@article{nolfi2024,
	title = {5-Year Statuse Review Coterminous United States Population of Bull Trout (Salvelinus confluentus)},
	author = {Nolfi, Dan and Melbihess, Tracy and Fisher, Sandi and Ellis, Lisa},
	year = {2024},
	date = {2024},
	langid = {en}
}

@misc{mccane,
	title = {FishGen},
	author = {McCane, Jesse and Campbell, Matthew}
}

@article{kaylor2021,
	title = {Temperature, emergence phenology and consumption drive seasonal shifts in fish growth and production across riverscapes},
	author = {Kaylor, Matthew J. and Justice, Casey and Armstrong, Jonathan B. and Staton, Benjamin A. and Burns, Lauren A. and Sedell, Edwin and White, Seth M.},
	year = {2021},
	date = {2021},
	journal = {Journal of Animal Ecology},
	pages = {1727--1741},
	volume = {90},
	number = {7},
	doi = {10.1111/1365-2656.13491},
	url = {https://onlinelibrary.wiley.com/doi/abs/10.1111/1365-2656.13491},
	note = {{\_}eprint: https://onlinelibrary.wiley.com/doi/pdf/10.1111/1365-2656.13491},
	langid = {en}
}

@article{small2001,
	title = {Effect of Low-Temperature Incubation of Channel Catfish Ictalurus punctatus Eggs on Development, Survival, and Growth},
	author = {Small, Brian C. and Bates, Terry D.},
	year = {2001},
	date = {2001},
	journal = {Journal of the World Aquaculture Society},
	pages = {189--194},
	volume = {32},
	number = {2},
	doi = {10.1111/j.1749-7345.2001.tb01094.x},
	url = {https://onlinelibrary.wiley.com/doi/abs/10.1111/j.1749-7345.2001.tb01094.x},
	note = {{\_}eprint: https://onlinelibrary.wiley.com/doi/pdf/10.1111/j.1749-7345.2001.tb01094.x},
	langid = {en}
}

@article{smith2005,
	title = {Dynamics and extent of larval lake sturgeon Acipenser fulvescens drift in the Upper Black River, Michigan},
	author = {Smith, K. M. and King, D. K.},
	year = {2005},
	date = {2005},
	journal = {Journal of Applied Ichthyology},
	pages = {161--168},
	volume = {21},
	number = {3},
	doi = {10.1111/j.1439-0426.2005.00623.x},
	url = {https://onlinelibrary.wiley.com/doi/abs/10.1111/j.1439-0426.2005.00623.x},
	note = {{\_}eprint: https://onlinelibrary.wiley.com/doi/pdf/10.1111/j.1439-0426.2005.00623.x},
	langid = {en}
}

@article{alderdice1978,
	title = {Relation Between Temperature and Incubation Time for Eggs of Chinook Salmon (Oncorhynchus tshawytscha)},
	author = {Alderdice, D. F. and Velsen, F. P. J.},
	year = {1978},
	month = {01},
	date = {1978-01},
	journal = {Journal of the Fisheries Research Board of Canada},
	pages = {69--75},
	volume = {35},
	number = {1},
	doi = {10.1139/f78-010},
	url = {https://cdnsciencepub.com/doi/10.1139/f78-010},
	note = {Publisher: NRC Research Press}
}

@article{siegel2023,
	title = {Daily stream temperature predictions for free-flowing streams in the Pacific Northwest, USA},
	author = {Siegel, Jared E. and Fullerton, Aimee H. and FitzGerald, Alyssa M. and Holzer, Damon and Jordan, Chris E.},
	year = {2023},
	month = {08},
	date = {2023-08-30},
	journal = {PLOS Water},
	pages = {e0000119},
	volume = {2},
	number = {8},
	doi = {10.1371/journal.pwat.0000119},
	url = {https://journals.plos.org/water/article?id=10.1371/journal.pwat.0000119},
	note = {Publisher: Public Library of Science},
	langid = {en}
}

@article{webster1948,
	title = {Relation of Temperature to Survival and Incubation of the Eggs of Smallmouth Bass (Micropterus Dolomieu)},
	author = {Webster, Dwight A.},
	year = {1948},
	date = {1948},
	journal = {Transactions of the American Fisheries Society},
	pages = {43--47},
	volume = {75},
	number = {1},
	doi = {10.1577/1548-8659(1945)75[43:ROTTSA]2.0.CO;2},
	url = {https://onlinelibrary.wiley.com/doi/abs/10.1577/1548-8659%281945%2975%5B43%3AROTTSA%5D2.0.CO%3B2},
	note = {{\_}eprint: https://onlinelibrary.wiley.com/doi/pdf/10.1577/1548-8659%281945%2975%5B43%3AROTTSA%5D2.0.CO%3B2},
}

@article{isaak2018,
	title = {Principal components of thermal regimes in mountain river networks},
	author = {Isaak, Daniel J. and Luce, Charles H. and Chandler, Gwynne L. and Horan, Dona L. and Wollrab, Sherry P.},
	year = {2018},
	month = {12},
	date = {2018-12-05},
	journal = {Hydrology and Earth System Sciences},
	pages = {6225--6240},
	volume = {22},
	number = {12},
	doi = {10.5194/hess-22-6225-2018},
	url = {https://hess.copernicus.org/articles/22/6225/2018/},
	note = {Publisher: Copernicus GmbH},
	langid = {English}
}

@article{isaak2015,
	title = {The cold-water climate shield: delineating refugia for preserving salmonid fishes through the 21st century},
	author = {Isaak, Daniel J. and Young, Michael K. and Nagel, David E. and Horan, Dona L. and Groce, Matthew C.},
	year = {2015},
	date = {2015},
	journal = {Global Change Biology},
	pages = {2540--2553},
	volume = {21},
	number = {7},
	doi = {10.1111/gcb.12879},
	url = {https://onlinelibrary.wiley.com/doi/abs/10.1111/gcb.12879},
	note = {{\_}eprint: https://onlinelibrary.wiley.com/doi/pdf/10.1111/gcb.12879},
	langid = {en}
}

@book{west-eberhard2003,
	title = {Developmental Plasticity and Evolution},
	author = {West-Eberhard, Mary Jane},
	year = {2003},
	month = {03},
	date = {2003-03-13},
	publisher = {Oxford University Press},
	note = {Google-Books-ID: 7DQNTPYaHlYC},
	langid = {en}
}

@book{quinn2018,
	title = {The Behavior and Ecology of Pacific Salmon and Trout},
	author = {Quinn, Thomas P.},
	year = {2018},
	month = {10},
	date = {2018-10-01},
	publisher = {University of Washington Press},
	note = {Google-Books-ID: 6jx4DwAAQBAJ},
	langid = {en}
}

@article{cowan2024,
	title = {Global change and premature hatching of aquatic embryos},
	author = {Cowan, Zara-Louise and Green, Leon and Clark, Timothy D. and Blewett, Tamzin A. and De Bonville, Jeremy and Gagnon, Thomas and Hoots, Elizabeth and {Kuchenmüller}, Luis and Leeuwis, Robine H. J. and Navajas Acedo, {Joaquín} and Rowsey, Lauren E. and Scheuffele, Hanna and Skeeles, Michael Richard and Silva-Garay, Lorena and Jutfelt, Fredrik and Binning, Sandra A.},
	year = {2024},
	date = {2024},
	journal = {Global Change Biology},
	pages = {e17488},
	volume = {30},
	number = {9},
	doi = {10.1111/gcb.17488},
	url = {https://onlinelibrary.wiley.com/doi/abs/10.1111/gcb.17488},
	note = {{\_}eprint: https://onlinelibrary.wiley.com/doi/pdf/10.1111/gcb.17488},
	langid = {en}
}

@article{mason1976,
	title = {Some features of coho salmon, Oncorhynchus kisutch, fry emerging from simulated redds and concurrent changes in photobehavior},
	author = {Mason, JC},
	year = {1976},
	date = {1976},
	journal = {Fish. Bull},
	pages = {167--175},
	volume = {74},
	number = {1}
}

@article{conover2009,
	title = {The Covariance between Genetic and Environmental Influences across Ecological Gradients},
	author = {Conover, David O. and Duffy, Tara A. and Hice, Lyndie A.},
	year = {2009},
	date = {2009},
	journal = {Annals of the New York Academy of Sciences},
	pages = {100--129},
	volume = {1168},
	number = {1},
	doi = {10.1111/j.1749-6632.2009.04575.x},
	url = {https://onlinelibrary.wiley.com/doi/abs/10.1111/j.1749-6632.2009.04575.x},
	note = {{\_}eprint: https://onlinelibrary.wiley.com/doi/pdf/10.1111/j.1749-6632.2009.04575.x},
	langid = {en}
}

@article{sparks2022,
	title = {Large genetic divergence underpins cryptic local adaptation across ecological and evolutionary gradients},
	author = {Sparks, Morgan M. and Kraft, Joshua C. and Blackstone, Kliffi M. S. and McNickle, Gordon G. and Christie, Mark R.},
	year = {2022},
	month = {10},
	date = {2022-10-05},
	journal = {Proceedings of the Royal Society B: Biological Sciences},
	pages = {20221472},
	volume = {289},
	number = {1984},
	doi = {10.1098/rspb.2022.1472},
	url = {https://royalsocietypublishing.org/doi/full/10.1098/rspb.2022.1472},
	note = {Publisher: Royal Society}
}

@article{geist2002,
	title = {Physicochemical Characteristics of the Hyporheic Zone Affect Redd Site Selection by Chum Salmon and Fall Chinook Salmon in the Columbia River},
	author = {Geist, David R. and Hanrahan, Timothy P. and Arntzen, Evan V. and McMichael, Geoffrey A. and Murray, Christopher J. and Chien, Yi-Ju},
	year = {2002},
	date = {2002},
	journal = {North American Journal of Fisheries Management},
	pages = {1077--1085},
	volume = {22},
	number = {4},
	doi = {10.1577/1548-8675(2002)022<1077:PCOTHZ>2.0.CO;2},
	url = {https://onlinelibrary.wiley.com/doi/abs/10.1577/1548-8675%282002%29022%3C1077%3APCOTHZ%3E2.0.CO%3B2},
	note = {{\_}eprint: https://onlinelibrary.wiley.com/doi/pdf/10.1577/1548-8675%282002%29022%3C1077%3APCOTHZ%3E2.0.CO%3B2},
	langid = {en}
}

@article{velsen,
	title = {Embryonic Development in Eggs of Sockeye Salmon Oncorhynchus nerka},
	author = {Velsen, F. P. J.},
	journal = {Canadian Special Publication of Fisheries and Aquatic Sciences},
	number = {49},
	langid = {en}
}

@article{velsen1980,
	title = {Embryonic Development in Eggs of Sockeye Salmon Oncorhynchus nerka},
	author = {Velsen, F. P. J.},
	year = {1980},
	date = {1980},
	journal = {Canadian Special Publication of Fisheries and Aquatic Sciences},
	number = {49},
	langid = {en}
}

@book{chang2024,
	title = {shiny: Web Application Framework for R},
	author = {Chang, Winston and Cheng, Joe and Allaire, J. J. and Sievert, Carson and Schloerke, Barret and Xie, Yihui and Allen, Jeff and McPherson, Jonathan and Dipert, Alan and Borges, Barbara and Software, Posit and PBC,  and {library)}, {jQuery Foundation (jQuery library and jQuery UI} and {inst/www/shared/jquery-AUTHORS.txt)}, {jQuery contributors (jQuery library; authors listed in} and {inst/www/shared/jqueryui/AUTHORS.txt)}, {jQuery UI contributors (jQuery UI library; authors listed in} and {library)}, {Mark Otto (Bootstrap} and {library)}, {Jacob Thornton (Bootstrap} and {library)}, {Bootstrap contributors (Bootstrap} and Twitter,  and {library)}, {Inc (Bootstrap} and {plugin)}, {Prem Nawaz Khan (Bootstrap accessibility} and {plugin)}, {Victor Tsaran (Bootstrap accessibility} and {plugin)}, {Dennis Lembree (Bootstrap accessibility} and {plugin)}, {Srinivasu Chakravarthula (Bootstrap accessibility} and {plugin)}, {Cathy O'Connor (Bootstrap accessibility} and PayPal,  and {plugin)}, {Inc (Bootstrap accessibility} and {library)}, {Stefan Petre (Bootstrap-datepicker} and {library)}, {Andrew Rowls (Bootstrap-datepicker} and {library)}, {Brian Reavis (selectize js} and {library)}, {Salmen Bejaoui (selectize-plugin-a11y} and {library)}, {Denis Ineshin (ion rangeSlider} and {library)}, {Sami Samhuri (Javascript strftime} and {library)}, {SpryMedia Limited (DataTables} and {library)}, {John Fraser (showdown js} and {library)}, {John Gruber (showdown js} and {library)}, {Ivan Sagalaev (highlight js} and {R)}, {R. Core Team (tar implementation from}},
	year = {2024},
	month = {12},
	date = {2024-12-14},
	url = {https://cran.r-project.org/web/packages/shiny/index.html}
}

@misc{r:ther,
	title = {R: The R Project for Statistical Computing},
	url = {https://www.r-project.org/}
}
