@article{austin2019,
	title = {Spawning and emergence phenology of bull trout (Salvelinus confluentus) under differing thermal regimes},
	volume = {94},
	issn = {0022-1112, 1095-8649},
	shorttitle = {Spawning and emergence phenology of bull trout},
	doi = {10.1111/jfb.13864},
	number = {1},
	journal = {Journal of Fish Biology},
	author = {Austin, Catherine S. and Essington, Timothy E. and Quinn, Thomas P.},
	month = jan,
	year = {2019},
	pages = {191--195},
}

@article{beacham1990,
	title = {Temperature, egg size, and development of embryos and alevins of five species of pacific salmon: A comparative analysis},
	author = {Beacham, Terry D. and Murray, Clyde B.},
	year = {1990},
	month = {11},
	date = {1990-11-01},
	journal = {Transactions of the American Fisheries Society},
	pages = {927--945},
	volume = {119},
	number = {6},
	doi = {10.1577/1548-8659(1990)119<0927:TESADO>2.3.CO;2},
}

@article{isaak2015,
	title = {The cold-water climate shield: delineating refugia for preserving salmonid fishes through the 21st century},
	volume = {21},
	issn = {13541013},
	shorttitle = {The cold-water climate shield},
	doi = {10.1111/gcb.12879},
	language = {en},
	number = {7},
	urldate = {2022-02-25},
	journal = {Global Change Biology},
	author = {Isaak, Daniel J. and Young, Michael K. and Nagel, David E. and Horan, Dona L. and Groce, Matthew C.},
	month = jul,
	year = {2015},
	pages = {2540--2553},
}

@article{isaak2018,
	title = {Principal components of thermal regimes in mountain river networks},
	volume = {22},
	issn = {1607-7938},
	doi = {10.5194/hess-22-6225-2018},
	language = {en},
	number = {12},
	urldate = {2024-02-07},
	journal = {Hydrology and Earth System Sciences},
	author = {Isaak, Daniel J. and Luce, Charles H. and Chandler, Gwynne L. and Horan, Dona L. and Wollrab, Sherry P.},
	month = dec,
	year = {2018},
	pages = {6225--6240},
}

@book{quinn2018,
	title = {The Behavior and Ecology of Pacific Salmon and Trout},
	author = {Quinn, Thomas P.},
	year = {2018},
	month = {10},
	date = {2018-10-01},
	publisher = {University of Washington Press},
	langid = {en}
}

@article{siegel2023,
	title = {Daily stream temperature predictions for free-flowing streams in the Pacific Northwest, USA},
	author = {Siegel, Jared E. and Fullerton, Aimee H. and FitzGerald, Alyssa M. and Holzer, Damon and Jordan, Chris E.},
	year = {2023},
	month = {08},
	date = {2023-08-30},
	journal = {PLOS Water},
	pages = {e0000119},
	volume = {2},
	number = {8},
	doi = {10.1371/journal.pwat.0000119},
	note = {Publisher: Public Library of Science},
	langid = {en}
}

@article{sparks2019,
	title = {Influences of spawning timing, water temperature, and climatic warming on early life history phenology in western Alaska sockeye salmon},
	author = {Sparks, Morgan M. and Falke, Jeffrey A. and Quinn, Thomas P. and Adkison, Milo D. and Schindler, Daniel E. and Bartz, Krista and Young, Dan and Westley, Peter A.H.},
	year = {2019},
	month = {01},
	date = {2019-01},
	journal = {Canadian Journal of Fisheries and Aquatic Sciences},
	pages = {123--135},
	volume = {76},
	number = {1},
	doi = {10.1139/cjfas-2017-0468},
	note = {Publisher: NRC Research Press}
}

@book{wickham_r_2023,
	title = {R for {Data} {Science}: {Import}, {Tidy}, {Transform}, {Visualize}, and {Model} {Data}},
	isbn = {978-1-4920-9736-5},
	shorttitle = {R for {Data} {Science}},
	publisher = {"O'Reilly Media, Inc."},
	author = {Wickham, Hadley and Ã‡etinkaya-Rundel, Mine and Grolemund, Garrett},
	month = jun,
	year = {2023},
}

@book{grolemund,
	title = {21 Iteration | R for Data Science},
	author = {Grolemund, Hadley Wickham and Garrett},
	year = {2023},
	url = {https://r4ds.had.co.nz/iteration.html},
	publisher = {"O'Reilly Media, Inc."},
}

@misc{9functi,
	title = {9 Functionals | Advanced R},
	url = {https://adv-r.hadley.nz/functionals.html}
}
